<record><leader>00000cas a22000007a 4500</leader><controlfield tag="001">11720453</controlfield><controlfield tag="008">850222c198u9999okuwr ne      0   a0eng d</controlfield><datafield ind1=" " ind2=" " tag="010"><subfield code="a">sn 85000691 </subfield></datafield><datafield ind1=" " ind2=" " tag="040"><subfield code="a">NSD</subfield><subfield code="b">eng</subfield><subfield code="c">NSD</subfield><subfield code="d">OBN</subfield><subfield code="d">OCLCQ</subfield><subfield code="d">OCLCF</subfield><subfield code="d">OCLCO</subfield></datafield><datafield ind1=" " ind2=" " tag="012"><subfield code="m">1</subfield></datafield><datafield ind1="1" ind2=" " tag="022"><subfield code="a">8750-7463</subfield><subfield code="l">8750-7463</subfield><subfield code="2">1</subfield></datafield><datafield ind1="1" ind2=" " tag="029"><subfield code="a">AU@</subfield><subfield code="b">000020351131</subfield></datafield><datafield ind1=" " ind2=" " tag="032"><subfield code="a">735070</subfield><subfield code="b">USPS</subfield></datafield><datafield ind1=" " ind2=" " tag="042"><subfield code="a">nsdp</subfield></datafield><datafield ind1=" " ind2=" " tag="043"><subfield code="a">n-us-ok</subfield></datafield><datafield ind1=" " ind2="0" tag="222"><subfield code="a">Glenpool post</subfield></datafield><datafield ind1="0" ind2="0" tag="245"><subfield code="a">Glenpool post.</subfield></datafield><datafield ind1=" " ind2=" " tag="260"><subfield code="a">Glenpool, Okla. :</subfield><subfield code="b">Glenpool Post</subfield></datafield><datafield ind1=" " ind2=" " tag="300"><subfield code="a">v.</subfield></datafield><datafield ind1=" " ind2=" " tag="310"><subfield code="a">Weekly</subfield></datafield><datafield ind1=" " ind2=" " tag="588"><subfield code="a">Description based on: Vol. 1, no. 20 (Wednesday, Jan. 9, 1985).</subfield></datafield><datafield ind1=" " ind2="0" tag="651"><subfield code="a">Glenpool (Okla.)</subfield><subfield code="v">Newspapers.</subfield></datafield><datafield ind1=" " ind2="0" tag="651"><subfield code="a">Tulsa County (Okla.)</subfield><subfield code="v">Newspapers.</subfield></datafield><datafield ind1=" " ind2="7" tag="655"><subfield code="a">Newspapers.</subfield><subfield code="2">fast</subfield><subfield code="0">(OCoLC)fst01423814</subfield></datafield><datafield ind1=" " ind2="7" tag="651"><subfield code="a">Oklahoma</subfield><subfield code="z">Glenpool.</subfield><subfield code="2">fast</subfield><subfield code="0">(OCoLC)fst01226849</subfield></datafield><datafield ind1=" " ind2="7" tag="651"><subfield code="a">Oklahoma</subfield><subfield code="z">Tulsa County.</subfield><subfield code="2">fast</subfield><subfield code="0">(OCoLC)fst01220997</subfield></datafield><datafield ind1=" " ind2=" " tag="752"><subfield code="a">United States</subfield><subfield code="b">Oklahoma</subfield><subfield code="c">Tulsa</subfield><subfield code="d">Glenpool.</subfield></datafield></record>